<record><leader>05224cam a2200481 i 4500</leader><controlfield tag="001">6790585</controlfield><controlfield tag="003">OCoLC</controlfield><controlfield tag="005">20150116095415.0</controlfield><controlfield tag="008">140707t20152015paua     b    001 0 eng  </controlfield><datafield ind1=" " ind2=" " tag="010"><subfield code="a">  2014026482</subfield></datafield><datafield ind1=" " ind2=" " tag="020"><subfield code="a">9781466664975</subfield><subfield code="q">hardcover</subfield></datafield><datafield ind1=" " ind2=" " tag="020"><subfield code="a">1466664975</subfield><subfield code="q">hardcover</subfield></datafield><datafield ind1=" " ind2=" " tag="020"><subfield code="a">9781466665002</subfield><subfield code="q">print &amp; perpetual access</subfield></datafield><datafield ind1=" " ind2=" " tag="020"><subfield code="a">1466665009</subfield><subfield code="q">print &amp; perpetual access</subfield></datafield><datafield ind1=" " ind2=" " tag="020"><subfield code="z">9781466664982</subfield><subfield code="q">ebook</subfield></datafield><datafield ind1=" " ind2=" " tag="035"><subfield code="a">ocn881447019</subfield></datafield><datafield ind1=" " ind2=" " tag="040"><subfield code="a">DLC</subfield><subfield code="b">eng</subfield><subfield code="e">rda</subfield><subfield code="c">DLC</subfield><subfield code="d">YDX</subfield><subfield code="d">BTCTA</subfield><subfield code="d">YDXCP</subfield><subfield code="d">MNW</subfield><subfield code="d">OCLCO</subfield><subfield code="d">UAB</subfield><subfield code="d">AEU</subfield></datafield><datafield ind1=" " ind2=" " tag="042"><subfield code="a">pcc</subfield></datafield><datafield ind1="0" ind2="0" tag="050"><subfield code="a">QA16</subfield><subfield code="b">.C37 2015</subfield></datafield><datafield ind1="0" ind2="0" tag="082"><subfield code="a">510.71</subfield><subfield code="2">23</subfield></datafield><datafield ind1=" " ind2=" " tag="090"><subfield code="a">QA 16 C37 2015</subfield><subfield code="b">AEU</subfield></datafield><datafield ind1="0" ind2="0" tag="245"><subfield code="a">Cases on technology integration in mathematics education /</subfield><subfield code="c">[edited by] Drew Polly (University of North Carolina at Charlotte, USA).</subfield></datafield><datafield ind1=" " ind2="1" tag="264"><subfield code="a">Hershey, PA :</subfield><subfield code="b">Information Science Reference, an imprint of IGI Global,</subfield><subfield code="c">[2015]</subfield></datafield><datafield ind1=" " ind2="4" tag="264"><subfield code="c">&#169;2015</subfield></datafield><datafield ind1=" " ind2=" " tag="300"><subfield code="a">xxviii, 521 pages :</subfield><subfield code="b">illustrations ;</subfield><subfield code="c">27 cm.</subfield></datafield><datafield ind1=" " ind2=" " tag="336"><subfield code="a">text</subfield><subfield code="b">txt</subfield><subfield code="2">rdacontent</subfield></datafield><datafield ind1=" " ind2=" " tag="336"><subfield code="a">still image</subfield><subfield code="b">sti</subfield><subfield code="2">rdacontent</subfield></datafield><datafield ind1=" " ind2=" " tag="337"><subfield code="a">unmediated</subfield><subfield code="b">n</subfield><subfield code="2">rdamedia</subfield></datafield><datafield ind1=" " ind2=" " tag="338"><subfield code="a">volume</subfield><subfield code="b">nc</subfield><subfield code="2">rdacarrier</subfield></datafield><datafield ind1="1" ind2=" " tag="490"><subfield code="a">Advances in educational technologies and instructional design (AETID) book series</subfield></datafield><datafield ind1="1" ind2=" " tag="490"><subfield code="a">Premier reference source</subfield></datafield><datafield ind1=" " ind2=" " tag="504"><subfield code="a">Includes bibliographical references and index.</subfield></datafield><datafield ind1="0" ind2=" " tag="505"><subfield code="a">Leveraging technology to teach specific content. Leveraging dynamic and dependable spreadsheets focusing on algebraic thinking and reasoning / Margaret L. Niess -- A case study of primary school students' use of a dynamic statistics software package for analyzing and interpreting data / Irene Kleanthous, Maria Meletiou-Mavrotheris -- Local lotto: mathematics and mobile technology to study the lottery / Vivian Lim, Erica Deahl, Laurie Rubel, Sarah Williams -- Bringing dynamic geometry to three dimensions: the use of SketchUp in mathematics education / Nicholas H. Wasserman -- Playing with perpendicular lines: the case of Laura / Douglas A. Lapp, Dennis St. John -- Students' experiences composing and decomposing two-dimensional shapes in first and second grade mathematics classrooms / Drew Polly, Trisha Hill, Tabitha Vuljanic -- Leveraging technology to support mathematical practices. Using new technologies to engage and support English Language Learners in mathematics classrooms / Robert Pritchard, Susan O'Hara, Jeff Zwiers -- The port lesson: grade 5 mathematics modeling for a local context / Charles B. Hodges, Edie R. Hipchen, Traci Newton -- What does technology bring to the Common Core mathematical practices? / Marshall Lassak -- Utilizing technology to engage in statistical inquiry in light of the standards for mathematical practice / Christine Browning, Dustin Owen Smith -- Using dynamic geometry software to engage students in the standards for mathematical practice: the case of Ms. Lowe / Milan Sherman, Carolyn McCaffrey James, Amy Hillen, Charity Cayton.</subfield></datafield><datafield ind1="0" ind2=" " tag="505"><subfield code="a">Examples of technological tools to support teaching and learning. Integrating multimedia animations to support Common Core State Standards in mathematics classrooms / Jesus Trespalacios, Karen Trujillo, Lida J. Uribe-Fl&#243;ez -- Teaching fundamental math concepts: there's an app for that ... or is there? / Jennifer Wall, Michael P. Rogers -- Interactive whiteboards: preparing secondary mathematics teachers to avoid catch-22 / Tracy Goodson-Espy, Lisa Poling -- Young children, mathematics, and coding: a low floor, high ceiling, wide walls environment / George Gadanidis -- Leveraging interactive clickers as a tool for formative assessment / Drew Polly, Elizabeth Rodgers, Melissa Little -- Mathematics gaming in early childhood: describing teacher moves for effective and appropriate implementation / Alejandra Salinas, Chu Ly -- Using the AMC anywhere web-based assessment system to examine primary students' understanding of number sense / Christie Sullivan Martin, Drew Polly -- Leveraging technology to support mathematics education courses and programs. Teaching and learning the Common Core State Standards in mathematics with Web 2.0 tools / Jeffrey Hall, Lucy Bush, and William Lacefield -- Contextualizing algebraic word problems through story using technology / Terri L. Kurz, Barbara Bartholomew, Amanda Sibley, Scott Fraser -- The synergism of mathematical thinking and computational thinking / Gerard Rambally -- Application of information and communication technology to create e-learning environments for mathematics knowledge learning to prepare for engineering education / Tianxing Cai.</subfield></datafield><datafield ind1=" " ind2=" " tag="520"><subfield code="a">"This book provides a compilation of cases and vignettes about the application of technology in the classroom in order to enhance student understanding of math concepts"--</subfield><subfield code="c">Provided by publisher.</subfield></datafield><datafield ind1=" " ind2=" " tag="596"><subfield code="a">41</subfield></datafield><datafield ind1=" " ind2="0" tag="650"><subfield code="a">Mathematics</subfield><subfield code="x">Study and teaching</subfield><subfield code="x">Technological innovations.</subfield></datafield><datafield ind1=" " ind2="0" tag="650"><subfield code="a">Educational technology.</subfield></datafield><datafield ind1="1" ind2=" " tag="700"><subfield code="a">Polly, Drew,</subfield><subfield code="d">1977-</subfield><subfield code="e">editor.</subfield></datafield><datafield ind1=" " ind2="0" tag="830"><subfield code="a">Advances in educational technologies and instructional design.</subfield></datafield><datafield ind1=" " ind2="0" tag="830"><subfield code="a">Premier reference source.</subfield></datafield><datafield ind1=" " ind2=" " tag="949"><subfield code="a">QA 16 C37 2015</subfield><subfield code="c">1</subfield><subfield code="h">UAED-B</subfield><subfield code="i">0162035228343</subfield></datafield><datafield ind1=" " ind2=" " tag="926"><subfield code="a">QA 16 C37 2015</subfield><subfield code="w">LC</subfield><subfield code="c">1</subfield><subfield code="i">0162035228343</subfield><subfield code="d">9/14/2015</subfield><subfield code="l">FLOOR_2</subfield><subfield code="m">UAEDUC</subfield><subfield code="p">$150.00</subfield><subfield code="r">Y</subfield><subfield code="s">Y</subfield><subfield code="t">BOOK</subfield><subfield code="u">1/28/2015</subfield></datafield></record>